<record><leader>00000cas a2200000 a 4500</leader><controlfield tag="001">13440154</controlfield><controlfield tag="008">860416d19011910miudn ne      0    0eng c</controlfield><datafield ind1=" " ind2=" " tag="010"><subfield code="a">sn 85038708 </subfield></datafield><datafield ind1=" " ind2=" " tag="040"><subfield code="a">NPY</subfield><subfield code="b">eng</subfield><subfield code="c">NPY</subfield><subfield code="d">MHN</subfield><subfield code="d">OCL</subfield><subfield code="d">MHN</subfield><subfield code="d">OCL</subfield><subfield code="d">OCLCQ</subfield><subfield code="d">OCLCF</subfield><subfield code="d">OCLCO</subfield></datafield><datafield ind1="1" ind2=" " tag="029"><subfield code="a">AU@</subfield><subfield code="b">000021739988</subfield></datafield><datafield ind1=" " ind2=" " tag="042"><subfield code="a">pcc</subfield></datafield><datafield ind1=" " ind2=" " tag="043"><subfield code="a">n-us-mi</subfield></datafield><datafield ind1="0" ind2=" " tag="130"><subfield code="a">Evening record (Traverse City, Mich.)</subfield></datafield><datafield ind1="1" ind2="4" tag="245"><subfield code="a">The evening record.</subfield></datafield><datafield ind1=" " ind2=" " tag="260"><subfield code="a">Traverse City, Mich. :</subfield><subfield code="b">Thos. T. Bates and J.W. Hannen</subfield></datafield><datafield ind1=" " ind2=" " tag="300"><subfield code="a">v. :</subfield><subfield code="b">ill. ;</subfield><subfield code="c">58 cm.</subfield></datafield><datafield ind1=" " ind2=" " tag="310"><subfield code="a">Daily (except Sun.)</subfield></datafield><datafield ind1="0" ind2=" " tag="362"><subfield code="a">4th yr., no. 1198 (Mar. 11, 1901)-14th yr., [no.] 5001 (Oct. 29, 1910).</subfield></datafield><datafield ind1=" " ind2=" " tag="580"><subfield code="a">Merged with: Daily eagle (Traverse City, Mich.), to form: Record-eagle (Traverse City, Mich.).</subfield></datafield><datafield ind1=" " ind2="0" tag="651"><subfield code="a">Traverse City (Mich.)</subfield><subfield code="v">Newspapers.</subfield></datafield><datafield ind1=" " ind2="0" tag="651"><subfield code="a">Grand Traverse County (Mich.)</subfield><subfield code="v">Newspapers.</subfield></datafield><datafield ind1=" " ind2="7" tag="655"><subfield code="a">Newspapers.</subfield><subfield code="2">fast</subfield><subfield code="0">(OCoLC)fst01423814</subfield></datafield><datafield ind1=" " ind2="7" tag="651"><subfield code="a">Michigan</subfield><subfield code="z">Grand Traverse County.</subfield><subfield code="2">fast</subfield><subfield code="0">(OCoLC)fst01213214</subfield></datafield><datafield ind1=" " ind2="7" tag="651"><subfield code="a">Michigan</subfield><subfield code="z">Traverse City.</subfield><subfield code="2">fast</subfield><subfield code="0">(OCoLC)fst01204295</subfield></datafield><datafield ind1=" " ind2=" " tag="752"><subfield code="a">United States</subfield><subfield code="b">Michigan</subfield><subfield code="c">Grand Traverse</subfield><subfield code="d">Traverse City.</subfield></datafield><datafield ind1="0" ind2=" " tag="775"><subfield code="t">Grand Traverse herald</subfield><subfield code="w">(DLC)sn 83025276</subfield><subfield code="w">(OCoLC)9361469</subfield></datafield><datafield ind1="0" ind2="0" tag="780"><subfield code="t">Morning record (Traverse City, Mich.)</subfield><subfield code="w">(DLC)sn 97063206</subfield><subfield code="w">(OCoLC)36381802</subfield></datafield><datafield ind1="1" ind2="7" tag="785"><subfield code="t">Daily eagle (Traverse City, Mich.)</subfield><subfield code="w">(DLC)sn 97063205</subfield><subfield code="w">(OCoLC)36381627</subfield></datafield><datafield ind1="0" ind2="7" tag="785"><subfield code="t">Record-eagle (Traverse City, Mich.)</subfield><subfield code="w">(DLC)sn 97063207</subfield><subfield code="w">(OCoLC)36377209</subfield></datafield></record>